@book{rego1994pureza,
  author    = {José Lins Rego},
  title     = {Pureza},
  subtitle  = {romance},
  publisher = {J. Olympio},
  year      = {1994},
  address   = {Rio de Janeiro}
}

@book{rego1994usina,
  author    = {José Lins Rego},
  title     = {Usina},
  subtitle  = {romance},
  publisher = {J. Olympio},
  year      = {1994},
  address   = {Rio de Janeiro}
}

@book{churchill2012marketing,
  author    = {Gilbert A. {Churchill Junior} and J. Paul Peter},
  title     = {Marketing},
  subtitle  = {criando valor para os clientes},
  edition   = {3},
  publisher = {Saraiva},
  year      = {2012},
  address   = {São Paulo},
  pages     = {636}
}

@book{osterwalder2011business,
  author    = {Alexander Osterwalder and Yves Pigneur},
  title     = {Business model generation},
  subtitle  = {inovação em modelos de negócios: um manual para visionários, inovadores e revolucionários},
  publisher = {Alta Books},
  year      = {2011},
  address   = {Hoboken, NJ},
  pages     = {278}
}

@book{mintzberg2010safari,
  author    = {Henry Mintzberg and Bruce Ahlstrand and Joseph Lampel},
  title     = {Safári de estratégia: um roteiro pela selva do planejamento estratégico},
  subtitle  = {um roteiro pela selva do planejamento estratégico},
  edition   = {2},
  publisher = {Bookman},
  year      = {2010},
  address   = {Porto Alegre},
  pages     = {392}
}

@book{simon1997administrative,
  author    = {Herbert A. Simon},
  title     = {Administrative behavior},
  subtitle  = {a study of decision making processes in administrative organizations},
  edition   = {4},
  publisher = {The Free Press},
  year      = {1997},
  address   = {New York},
  pages     = {368}
}

@misc{biolife2008,
  author       = {{BIOLIFE Plásticos Ltda.}},
  title        = {Relatório de descrição de atividade comercial. Auditoria de serviços 1},
  year         = {2008},
  month        = apr,
  day          = {29},
  note         = {São Paulo},
}

@misc{cnseg2017mercado,
  author = {CNSEG},
  title = {O mercado de seguros e resseguros},
  subtitle  = {uma visão global},
  howpublished = {Fundamentos - Programa Educação em seguros},
  year = {2017}
}

@misc{nouri2025,
  doi = {10.48550/ARXIV.2501.07561},
  author = {Nouri,  Aria and Asvadi,  Reza and Chen,  Jun},
  keywords = {Information Theory (cs.IT),  FOS: Computer and information sciences,  FOS: Computer and information sciences},
  title = {Design and Analysis of a Concatenated Code for Intersymbol Interference Wiretap Channels},
  publisher = {arXiv},
  year = {2025},
  copyright = {arXiv.org perpetual,  non-exclusive license}
}

@misc{marginalrevolutionBordaCount,
	author = {Alex Tabarrok},
	title = {{T}he {B}orda {C}ount is the {B}est {M}ethod of {V}oting - {M}arginal {R}{E}{V}{O}{L}{U}{T}{I}{O}{N} --- marginalrevolution.com},
	url = {https://marginalrevolution.com/marginalrevolution/2025/01/the-borda-count-is-the-best-method-of-voting.html},
	year = {2025},
	note = {[Acessado dia 15-01-2025]},
}